@article{source1,
    author = {Clarke, Jonathan and Chen, Hailiang and Du, Ding and Hu, Yu Jeffrey},
    title = {Fake News, Investor Attention, and Market Reaction},
    journal = {Information Systems Research},
    volume = {32},
    number = {1},
    pages = {35-52},
    year = {2021},
    doi = {10.1287/isre.2019.0910},
    URL = {https://doi.org/10.1287/isre.2019.0910}
}

@article{source2,
  title={Sentiment analysis for fake news detection},
  author={Alonso, Miguel A and Vilares, David and G{\'o}mez-Rodr{\'\i}guez, Carlos and Vilares, Jes{\'u}s},
  journal={Electronics},
  volume={10},
  number={11},
  pages={1348},
  year={2021},
  publisher={MDPI}
}

@incollection{source3,
  title={Evaluating Countermeasures for Detecting Misinformation Attacks on Stock Exchange Market},
  author={Manford, David and Jahankhani, Hamid},
  booktitle={Social Media Analytics, Strategies and Governance},
  pages={73--101},
  year={2022},
  publisher={CRC Press}
}

@inproceedings{source4,
  title={Sentiment analysis on twitter to improve time series contextual anomaly detection for detecting stock market manipulation},
  author={Golmohammadi, Koosha and Zaiane, Osmar R},
  booktitle={Big Data Analytics and Knowledge Discovery: 19th International Conference, DaWaK 2017, Lyon, France, August 28--31, 2017, Proceedings 19},
  pages={327--342},
  year={2017},
  organization={Springer}
}

@article{source5,
  title={A social-media-based approach to predicting stock comovement},
  author={Liu, Ling and Wu, Jing and Li, Ping and Li, Qing},
  journal={Expert Systems with Applications},
  volume={42},
  number={8},
  pages={3893--3901},
  year={2015},
  publisher={Elsevier}
}

@article{source6,
  title={Detecting cryptocurrency pump-and-dump frauds using market and social signals},
  author={Nghiem, Huy and Muric, Goran and Morstatter, Fred and Ferrara, Emilio},
  journal={Expert Systems with Applications},
  volume={182},
  pages={115284},
  year={2021},
  publisher={Elsevier}
}

@inproceedings{source7,
  title={HODL: The Hold of Reddit Over the Stock Market},
  author={Rahman, AM Muntasir and Uddin, Ajim and Wang, Guiling Grace},
  booktitle={2023 IEEE 39th International Conference on Data Engineering Workshops (ICDEW)},
  pages={36--39},
  year={2023},
  organization={IEEE}
}

@article{source8,
  title={“I just like the stock”: The role of Reddit sentiment in the GameStop share rally},
  author={Long, Suwan and Lucey, Brian and Xie, Ying and Yarovaya, Larisa},
  journal={Financial Review},
  volume={58},
  number={1},
  pages={19--37},
  year={2023},
  publisher={Wiley Online Library}
}

@mastersthesis{source9,
  author = {James Yu},
  title = {Feature Extraction on Sentiment Attitude Values to Better Predict the Stock Market Using Twitter Sentiment},
  school = {Arizona State University},
  year = {2020},
  month = {Spring}
}

@article{source10,
  title={Predicting stock market behavior using data mining technique and news sentiment analysis},
  author={Khedr, Ayman E and Yaseen, Nagwa and others},
  journal={International Journal of Intelligent Systems and Applications},
  volume={9},
  number={7},
  pages={22},
  year={2017},
  publisher={Modern Education and Computer Science Press}
}

@article{source11,
  title={(Why) is misinformation a problem?},
  author={Adams, Zo{\"e} and Osman, Magda and Bechlivanidis, Christos and Meder, Bj{\"o}rn},
  journal={Perspectives on Psychological Science},
  volume={18},
  number={6},
  pages={1436--1463},
  year={2023},
  publisher={Sage Publications Sage CA: Los Angeles, CA}
}
@article{source12,
  title={The spreading of misinformation online},
  author={Del Vicario, Michela and Bessi, Alessandro and Zollo, Fabiana and Petroni, Fabio and Scala, Antonio and Caldarelli, Guido and Stanley, H Eugene and Quattrociocchi, Walter},
  journal={Proceedings of the national academy of Sciences},
  volume={113},
  number={3},
  pages={554--559},
  year={2016},
  publisher={National Acad Sciences}
}

@book{source13,
  title={Reality lost: Markets of attention, misinformation and manipulation},
  author={Hendricks, Vincent F and Vestergaard, Mads},
  year={2019},
  publisher={Springer Nature}
}
@article{source14,
  title={Trends in the diffusion of misinformation on social media},
  author={Allcott, Hunt and Gentzkow, Matthew and Yu, Chuan},
  journal={Research \& Politics},
  volume={6},
  number={2},
  pages={2053168019848554},
  year={2019},
  publisher={SAGE Publications Sage UK: London, England}
}
@article{source15,
  title={Misinformation, disinformation, and online propaganda},
  author={Guess, Andrew M and Lyons, Benjamin A},
  journal={Social media and democracy: The state of the field, prospects for reform},
  volume={10},
  year={2020}
}

@article{source16,
title = {Fake social media news and distorted campaign detection framework using sentiment analysis \& machine learning},
journal = {Heliyon},
volume = {10},
number = {16},
pages = {e36049},
year = {2024},
issn = {2405-8440},
doi = {https://doi.org/10.1016/j.heliyon.2024.e36049},
url = {https://www.sciencedirect.com/science/article/pii/S2405844024120804},
author = {Akashdeep Bhardwaj and Salil Bharany and SeongKi Kim}
}

@article{source17,
title = {Does fake news impact stock returns? Evidence from US and EU stock markets},
journal = {Journal of Economics and Business},
volume = {125-126},
pages = {106130},
year = {2023},
issn = {0148-6195},
doi = {https://doi.org/10.1016/j.jeconbus.2023.106130},
url = {https://www.sciencedirect.com/science/article/pii/S0148619523000231},
author = {Maria Cristina Arcuri and Gino Gandolfi and Ivan Russo}
}
@inbook{source18,
author = {Idrees, A.M. and Ibrahim, Mohamed and Yaseen Hegazy, Nagwa},
year = {2019},
month = {06},
pages = {595-601},
title = {A proposed model for predicting stock market behavior based on detecting fake news},
isbn = {9780429461903},
doi = {10.1201/9780429461903-81},
publisher = {CRC Press}
}

@article{source19,
author = {Olakoyenikan, Oluwasegun},
year = {2024},
month = {09},
pages = {667-674},
title = {The economic consequences of misinformation an analysis of the impact of fake news on stock market volatility during the covid19 pandemic| International Journal of Innovative Science and Research Technology},
journal = {International Journal of Innovative Science and Research Technology (IJISRT)},
doi = {10.38124/ijisrt/IJISRT24SEP585}
}

@article{source20,
author = {Chung, W. and Zhang, Y. and Pan, J.},
title = {A Theory-based Deep-Learning Approach to Detecting Disinformation in Financial Social Media},
journal = {Information Systems Frontiers: A Journal of Research and Innovation},
year = {2023},
volume = {25},
number = {2},
pages = {473--492},
doi = {10.1007/s10796-022-10327-9}
}

@article{source21,
author	= {Fong, B.},
title 	= {Analysing the behavioural finance impact of 'fake news' phenomena on financial markets: a representative agent model and empirical validation},
journal   = {Financial Innovation},
year  	= {2021},
volume	= {7},
pages 	= {53},
doi   	= {10.1186/s40854-021-00271-z}
}

@article{source22,
author	= {Cheng, L. C. and Lu, W. T. and Yeo, B.},
title 	= {Predicting abnormal trading behavior from internet rumor propagation: a machine learning approach},
journal   = {Financial Innovation},
year  	= {2023},
volume	= {9},
pages 	= {3},
doi   	= {10.1186/s40854-022-00423-9}
}

@article{source23,
author	= {Huynh, T. L. D. and Foglia, M. and Nasir, M. A. and Angelini, E.},
title 	= {Feverish sentiment and global equity markets during the COVID-19 pandemic},
journal   = {Journal of Economic Behavior \& Organization},
year  	= {2021},
volume	= {188},
pages 	= {1088--1108},
doi   	= {10.1016/j.jebo.2021.06.016}
}

@article{source24,
title = {Predicting the virality of fake news at the early stage of dissemination},
journal = {Expert Systems with Applications},
volume = {248},
pages = {123390},
year = {2024},
issn = {0957-4174},
doi = {https://doi.org/10.1016/j.eswa.2024.123390},
url = {https://www.sciencedirect.com/science/article/pii/S0957417424002550},
author = {Mercedes Esteban-Bravo and Lisbeth d. l. M. Jiménez-Rubido and Jose M. Vidal-Sanz},
keywords = {Fake news, Machine learning, Text analysis, Random forest, SVC classifier},
}

@inproceedings{source25,
author    = {Padalko, Halyna and Chomko, Vasyl and Chumachenko, Dmytro},
title     = {Misinformation Detection in Political News using BERT Model},
booktitle = {Proceedings of 3rd International Workshop of IT-professionals on Artificial Intelligence},  
year      = {2023},
month     = {November},
pages     = {}
}

@article{source26,
title = {GBERT: A hybrid deep learning model based on GPT-BERT for fake news detection},
journal = {Heliyon},
volume = {10},
number = {16},
pages = {e35865},
year = {2024},
issn = {2405-8440},
doi = {https://doi.org/10.1016/j.heliyon.2024.e35865},
url = {https://www.sciencedirect.com/science/article/pii/S2405844024118968},
author = {Pummy Dhiman and Amandeep Kaur and Deepali Gupta and Sapna Juneja and Ali Nauman and Ghulam Muhammad},
keywords = {Deep learning, Fake news detection, Internet access, Large language model, Social media, Technology, Text classification, Transformers}
}

@misc{source27,
title={BERTopic-Driven Stock Market Predictions: Unraveling Sentiment Insights},
author={Enmin Zhu and Jerome Yen},
year={2024},
eprint={2404.02053},
archivePrefix={arXiv},
primaryClass={cs.CL},
url={https://arxiv.org/abs/2404.02053},
}

@misc{source28,
author   	= {Julie Posetti and Alice Matthews},
title    	= {A Short Guide to the History of 'Fake News' and Disinformation: A Learning Module for Journalists and Journalism Educators},
year     	= {2018},
month    	= {July},
publisher	= {International Center for Journalists},
url      	= {https://www.icfj.org/sites/default/files/2018-07/A%20Short%20Guide%20to%20History%20of%20Fake%20News%20and%20Disinformation_ICFJ%20Final.pdf}
}

@article{source29,
title = {The contagion of fake news concern and extreme stock market risks during the COVID-19 period},
journal = {Finance Research Letters},
volume = {58},
pages = {104258},
year = {2023},
issn = {1544-6123},
doi = {https://doi.org/10.1016/j.frl.2023.104258},
url = {https://www.sciencedirect.com/science/article/pii/S154461232300630X},
author = {Yun Hong and Bo Qu and Zhuohang Yang and Yanhui Jiang},
keywords = {Fake news concern, Extreme stock market risk, Contagion, TVP-VAR model}
}

@article{source30,
author	= {Fan, Jianqing and Liu, Qingfu and Song, Yang and Wang, Zilu},
title 	= {Measuring Misinformation in Financial Markets},
year  	= {2024},
month 	= {August},
url   	= {https://ssrn.com/abstract=4922648},
doi   	= {10.2139/ssrn.4922648},
journal   = {SSRN Electronic Journal}
}

@article{source31,
issn = {2148-2446},
journal = {Düzce Üniversitesi bilim ve teknoloji dergisi (Online)},
language = {eng},
number = {4},
pages = {2349-2360},
title = {Effects of AI-Generated Misinformation and Disinformation on the Economy},
volume = {12},
year = {2024},
author = {Karaş, Zeynep},
}

@article{source32,
address = {SAN DIEGO},
issn = {1544-6123},
journal = {Finance research letters},
copyright = {2024 The Author(s)},
keywords = {Disinformation ; Elections ; Jew's harp ; Managerial economics ; Social sciences ; Volatilization},
language = {eng},
pages = {106366-},
publisher = {Elsevier Inc},
title = {Do markets pay attention to political disinformation?},
volume = {70},
year = {2024},
author = {Hartwell, Christopher A. and Hubschmid-Vierheilig, Elena},
}

@misc{source33,
author={Dan Strumpf},
year={2013},
month={Apr 23},
title={Crude Oil Ends Flat; Fake Tweet Rattles Market},
journal={Dow Jones Institutional News},
note={Name - New York Mercantile Exchange; Dow Jones \& Co Inc; Copyright - Copyright Dow Jones \& Company Inc Apr 23, 2013; People - Obama, Barack; Last updated - 2024-12-05},
keywords={Business And Economics; Investments; Crude oil; Supply \& demand; Securities markets; Futures; Manufacturing; Crude oil prices; New York; United States--US; China; Obama, Barack},
language={English},
}
@article{source34, 
title={When the Going Gets Tough, The Tweets Get Going! An Exploratory Analysis of Tweets Sentiments in the Stock Market}, 
volume={18},  
number={5}, 
journal={American Journal of Management}, 
author={Kretinin, Andrey and Samuel, Jim and Kashyap, Rajiv}, 
year={2018}, 
month={Nov.} 
}
@incollection{source35,
    author = {Smithers, Andrew},
    isbn = {9780198836117},
    title = {124Misinformation Adds to the Risks for the Economy},
    booktitle = {Productivity and the Bonus Culture},
    publisher = {Oxford University Press},
    year = {2019},
    month = {07},
    doi = {10.1093/oso/9780198836117.003.0023},
}

@article{source36,
  title={Is all that talk just noise? The information content of internet stock message boards},
  author={Antweiler, Werner and Frank, Murray Z},
  journal={The Journal of finance},
  volume={59},
  number={3},
  pages={1259--1294},
  year={2004},
  publisher={Wiley Online Library}
}


@article{source37,
  title={The spreading of misinformation online},
  author={Del Vicario, Michela and Bessi, Alessandro and Zollo, Fabiana and Petroni, Fabio and Scala, Antonio and Caldarelli, Guido and Stanley, H Eugene and Quattrociocchi, Walter},
  journal={Proceedings of the national academy of Sciences},
  volume={113},
  number={3},
  pages={554--559},
  year={2016},
  publisher={National Acad Sciences}
}

@article{source38,
  title={Thinking, fast and slow},
  author={Kahneman, Daniel},
  journal={Farrar, Straus and Giroux},
  year={2011}
}

@article{source39,
  title={Narrative economics},
  author={Shiller, Robert J},
  journal={American economic review},
  volume={107},
  number={4},
  pages={967--1004},
  year={2017},
  publisher={American Economic Association 2014 Broadway, Suite 305, Nashville, TN 37203}
}

@article{source40,
  title={The rise of social bots},
  author={Ferrara, Emilio and Varol, Onur and Davis, Clayton and Menczer, Filippo and Flammini, Alessandro},
  journal={Communications of the ACM},
  volume={59},
  number={7},
  pages={96--104},
  year={2016},
  publisher={ACM New York, NY, USA}
}

@article{source41,
  title={Investor psychology and asset pricing},
  author={Hirshleifer, David},
  journal={The journal of Finance},
  volume={56},
  number={4},
  pages={1533--1597},
  year={2001},
  publisher={Wiley Online Library}
}

@article{source42,
  title={A Survey of Behavioral Finance},
  author={Barberis, Nicholas},
  journal={Handbook of the Economics of Finance},
  volume={1},
  year={2003}
}

@article{source43,
  title={Sentiment during recessions},
  author={Garcia, Diego},
  journal={The journal of finance},
  volume={68},
  number={3},
  pages={1267--1300},
  year={2013},
  publisher={Wiley Online Library}
}

@article{source44,
  title={The science of fake news},
  author={Lazer, David MJ and Baum, Matthew A and Benkler, Yochai and Berinsky, Adam J and Greenhill, Kelly M and Menczer, Filippo and Metzger, Miriam J and Nyhan, Brendan and Pennycook, Gordon and Rothschild, David and others},
  journal={Science},
  volume={359},
  number={6380},
  pages={1094--1096},
  year={2018},
  publisher={American Association for the Advancement of Science}
}

@article{source45,
  title={Investor sentiment and the cross-section of stock returns},
  author={Baker, Malcolm and Wurgler, Jeffrey},
  journal={The journal of Finance},
  volume={61},
  number={4},
  pages={1645--1680},
  year={2006},
  publisher={Wiley Online Library}
}


@misc{YfinanceData, 
author ={Rana Roussi},
title ={Yfinance},
url={https://pypi.org/project/yfinance/#description}, 
journal={PyPI}, 
year={2025}} 


@misc{yahoofinance2025,
  author = {Yahoo Finance},
  title = {S\&P 500 stock data retrieved via yfinance API on March 10, 2025},
  year = {2025},
  url = {https://finance.yahoo.com},
  note = {Accessed: 2025-03-10}
}